<?xml version="1.0" encoding="UTF-8"?><record xmlns="http://www.loc.gov/MARC21/slim" xmlns:cinclude="http://apache.org/cocoon/include/1.0" xmlns:zs="http://www.loc.gov/zing/srw/">
  <leader>00348nz  a2200121n  4500</leader>
  <controlfield tag="001">no 94019775 </controlfield>
  <controlfield tag="003">DLC</controlfield>
  <controlfield tag="005">19940614152514.7</controlfield>
  <controlfield tag="008">940613n| acannaab|          |n aaa     c</controlfield>
  <datafield tag="010" ind1=" " ind2=" ">
    <subfield code="a">no 94019775 </subfield>
  </datafield>
  <datafield tag="040" ind1=" " ind2=" ">
    <subfield code="a">MoSU-L</subfield>
    <subfield code="c">MoSU-L</subfield>
  </datafield>
  <datafield tag="100" ind1="1" ind2="0">
    <subfield code="a">Rothe, Bertha M.</subfield>
  </datafield>
  <datafield tag="670" ind1=" " ind2=" ">
    <subfield code="a">Daniel Webster reader, 1956:</subfield>
    <subfield code="b">t.p. (Bertha M. Rothe, law librarian, George Washington U.)</subfield>
  </datafield>
</record>